@online
{
    Hel17,
    author        = {Hels{\o}, Martin},
    title         = "{Rational Quartic Symmetroids}",
    journal       = {ArXiv e-prints},
    archivePrefix = "arXiv",
    eprint        = {1708.04101},
    keywords      = {Mathematics - Algebraic Geometry, 14M12, 14J26},
    year          = 2017,
    month         = aug,
    adsurl        = {http://adsabs.harvard.edu/abs/2017arXiv170804101H},
    adsnote       = {Provided by the SAO/NASA Astrophysics Data System}
}

@article{jolly_and_william_2015,
author = {Jolly, William},
year = {2015},
month = {07},
pages = {7537},
title = {Climate-induced variations in global wildfire danger from 1979 to 2013},
volume = {6},
journal = {Nature Communications},
doi = {10.1038/ncomms8537}
}


@article{veraverbeke_et_al_2017,
author = {Veraverbeke, Sander and Rogers, Brendan and Goulden, Mike and Jandt, Randi and Miller, Charles and Wiggins, Elizabeth and Randerson, James},
year = {2017},
month = {06},
pages = {},
title = {Lightning as a major driver of recent large fire years in North American boreal forests},
volume = {7},
journal = {Nature Climate Change},
doi = {10.1038/nclimate3329}
}

@article{tosca_et_al_2012,
author = {Tosca, Michael and Randerson, James and Zender, C.},
year = {2012},
month = {10},
pages = {28069-28108},
title = {Global impact of smoke aerosols from landscape fires on climate and the Hadley circulation},
volume = {12},
journal = {Atmospheric Chemistry \& Physics Discussions},
doi = {10.5194/acpd-12-28069-2012}
}